@ARTICLE{  
  STORY,
  author = {E. E. Fournier},
  title = {The Type-Reading Optophone, Our Surplus, Our Ships, and Europe's Need, and more},
  journal = {Scientific American},
  year = {6 novembre 1920},
  volume = {123},
  number = {19},
  pages = {463--465}
}

@mastersthesis{
  Str,
  author = {J. Scott Hauger},
  title = {Reading Machines for the Blind},
  school  = {Virginia, Faculty of the Virginia Polytechnic Institute and State University},
  year = {aprile 1995},
  pages = {I-II,11-13}
}

@book{
  Refactor,
  author = {Martin Fowler and Kent Beck},
  title = {Refactoring: Improving the Design of Existing Code},
  pages = {15},
  publisher = {Addison-Wesley},
  year = {1999}
}

@misc{
  AppStore,
  howpublished = "\url{https://www.statista.com/statistics/276623/number-of-apps-available-in-leading-app-stores/}"
}
